@Article{bleiholder09:_data,
  author = 	 {Jens Bleiholder and Felix Naumann},
  title = 	 {Data fusion},
  journal = 	 {{ACM Comput. Surv.}},
  year = 	 2009,
  volume = 	 41,
  number = 	 1,
  month = 	 {January},
  note = 	 {Article 1}}

@Article{sheth90:_feder,
  author = 	 {Amit P. Sheth and James A. Larson},
  title = 	 {Federated database systems for managing distributed, heterogeneous, and autonomous databases},
  journal = 	 {{ACM Comput. Surv.}},
  year = 	 1990,
  volume = 	 22,
  number = 	 3,
  pages = 	 {183-236},
  month = 	 {September}}

@Book{busse99:_feder_infor_system,
  author = 	 {Susanne Busse et al.},
  title = 	 {Federated Information Systems: Concepts, Terminology, and Architectures},
  publisher = 	 {Technische Universit\"{a}t Berlin},
  year = 	 1999}

@Article{papazoglou03:_servic,
  author = 	 {{M.P. Papazoglou}},
  title = 	 {Service-oriented computing: concepts, characteristics, and directions},
  journal = 	 {Proc. Web Information Systems Engineering},
  year = 	 2003,
  month = 	 {Dec}}

@Misc{mule-esb,
  author = 	 {{MuleSoft}},
  title = 	 {{Mule ESB}},
  howpublished = {\url{http://www.mulesoft.com/platform/soa/mule-esb-open-source-esb}}}

@InProceedings{govdocs1,
  author = 	 {Simon Garfunkel and Paul Farrell and Vassil Roussev and George Dinolt},
  title = 	 {Bringing science to digital forensics with standardized forensic corpora},
  booktitle = {Proc. Digital Forensic Research Workshop},
  year = 	 2009,
  address = 	 {Montreal, Canada},
  publisher = {Elsevier}}

@Misc{sparql,
  title = 	 {{SPARQL Federated Query}},
  howpublished = {\url{http://www.w3.org/TR/sparql11-federated-query/}}}


@INPROCEEDINGS{Hastorun07dynamo:amazons,
    author = {Deniz Hastorun and Madan Jampani and Gunavardhan Kakulapati and Alex Pilchin and Swaminathan Sivasubramanian and Peter Vosshall and Werner Vogels},
    title = {Dynamo: Amazon's highly available key-value store},
    booktitle = {Proc. ACM Symposium on Operating System Principles (SOSP)},
    year = 2007,
    pages = {205--220},
annote = {Amazon Dynamo}
}

@INPROCEEDINGS{Chang06bigtable:a,
    author = {Fay Chang and Jeffrey Dean and Sanjay Ghemawat and Wilson C. Hsieh and Deborah A. Wallach and Mike Burrows and Tushar Chandra and Andrew Fikes and Robert E. Gruber},
    title = {Bigtable: A distributed storage system for structured data},
    booktitle = {Proc. 7th USENIX Symposium on Operating Systems Design and Implementation (OSDI)},
    year = 2006,
    pages = {205--218}}

@InProceedings{briandais59:_file,
  author = 	 {Rene De La Briandais},
  title = 	 {File searching using variable length keys},
  booktitle = {Proc. Western Joint Computer Conference},
  year = 	 1959,
  pages = 	 {295-298},
  month = 	 {March},
  organization = {{IRE-AIEE-ACM}},
  publisher = {ACM},
  annote = 	 {trie ref}
}

@Article{bentley80:_multid,
  author = 	 {J.L. Bentley},
  title = 	 {Multidimensional divide and conquer},
  journal = 	 {Communications of the {ACM}},
  year = 	 1980,
  volume = 	 23,
  number = 	 4,
  annote = {kd-tree ref},
  pages = 	 {214-229}}

@Misc{splunk,
  title = 	 {Splunk},
  howpublished = {\url{http://www.splunk.com}}}



@InProceedings{eisenhauer11:FFS,
  author = 	 {Greg Eisenhauer and Matthew Wolf and Hasan Abbasi and Scott Klasky and Karsten Schwan},
  title = 	 {A type system for high performance communication and computation},
  booktitle = {Proc. 2011 D\textsuperscript{3}science Workshop},
  year = 	 2011,
  month = 	 {December},
  address = 	 {Stockholm, Sweden},
  organization = {{IEEE}},
  note = 	 {{Associated with the 7th IEEE International Conference on e-Science}},
  annote = 	 {FFS workshop paper}
}

@InProceedings{eisenhauer09:_event,
  author = 	 {Greg Eisenhauer and Hasan Abbasi and Matthew Wolf and Karsten Schwan},
  title = 	 {Event-based systems:  opportunities and challenges at exascale},
  booktitle = {{Proc. Third ACM International Conference on Distributed Event-Based Systems}},
  year = 	 2009,
  month = 	 {July},
  address = 	 {Nashville, Tennessee},
  publisher = {{ACM}},
  annote = 	 {EVpath conference paper}
}

@InProceedings{bustamante02:_scalab_direc_servic_using_proac,
  author =       {Fabian Bustamante and Patrick Widener and Karsten Schwan},
  title =        {Scalable Directory Services Using Proactivity},
  booktitle =    {Proc. IEEE/ACM Supercomputing},
  year =         2002,
  address =      {Baltimore, Maryland},
  month =        {November},
annote = {PDS paper in SC 2002}
}


@InProceedings{beckmann90:_r,
  author = 	 {{Norbert Beckmann and Hans-Peter Knegel and Ralf Schneider and Bernhard Seeger}},
  title = 	 {{The R*-tree:  an efficient and robust access method for points and rectangles}},
  booktitle = {Proc. ACM SIGMOD International Conference on Management of Data},
  year = 	 1990,
  pages = 	 322,
  organization = {ACM},
  annote = 	 {r*-tree ref}
}

@InProceedings{gutman84:_r,
  author = 	 {Antonin Gutman},
  title = 	 {R-trees:  a dynamic index structure for spatial searching},
  booktitle = {Proc. ACM SIGMOD International Conference on Management of Data},
  year = 	 1984,
  pages = 	 47,
  organization = {ACM},
  annote = 	 {r-tree ref}
}

@Misc{boost_c_librar_spatial_index,
author = {Boost.org},
  title = 	 {{Boost C++ Libraries \textemdash Spatial Indexes}},
  howpublished = {\url{http://www.boost.org/doc/libs/1_55_0/libs/geometry/doc/html/geometry/spatial_indexes.html}},
  note = 	 {Retrieved May 2014.}}



@Misc{krafft,
  author = 	 {Martin F. Krafft and Paul Harris and Sylvain Bougerel},
  title = 	 {{libkdtree++}},
  howpublished = {\url{libkdtree.alioth.debian.org}},
  note = 	 {Retrieved May 2014.}}

@InProceedings{enterprise14:_patric_m,
  author = 	 {Patrick M. Widener},
  title = 	 {Data Fusion as an Enterprise Service},
  booktitle = { {Proc. 11th IEEE International Conference on Services Computing} },
  year = 	 2014,
  month = 	 {June},
  address = 	 {Anchorage, Alaska},
  organization = {IEEE}

}

